<record><leader>00000cas a22000007a 4500</leader><controlfield tag="001">19008527</controlfield><controlfield tag="008">890112d18941896nduex ne      0    0eng d</controlfield><datafield ind1=" " ind2=" " tag="010"><subfield code="a">sn 88076985 </subfield></datafield><datafield ind1=" " ind2=" " tag="040"><subfield code="a">NOP</subfield><subfield code="b">eng</subfield><subfield code="c">NOP</subfield><subfield code="d">OCLCQ</subfield></datafield><datafield ind1=" " ind2=" " tag="042"><subfield code="a">msc</subfield></datafield><datafield ind1="0" ind2="4" tag="245"><subfield code="a">The farmer's railroad.</subfield></datafield><datafield ind1=" " ind2=" " tag="260"><subfield code="a">Cavalier, N.D. :</subfield><subfield code="b">D.W. Hines</subfield></datafield><datafield ind1=" " ind2=" " tag="300"><subfield code="a">2 v. :</subfield><subfield code="b">ill.</subfield></datafield><datafield ind1=" " ind2=" " tag="310"><subfield code="a">Biweekly</subfield></datafield><datafield ind1=" " ind2=" " tag="321"><subfield code="a">Weekly</subfield></datafield><datafield ind1="0" ind2=" " tag="362"><subfield code="a">Vol. 1, no. 1 (June 18, 1894)-v. 2, no. 38 (Nov. 25, 1896).</subfield></datafield><datafield ind1=" " ind2=" " tag="500"><subfield code="a">Published at Drayton, N.D., Aug. 14, 1895-Nov. 25, 1896.</subfield></datafield><datafield ind1=" " ind2=" " tag="515"><subfield code="a">Suspended publication Aug.? 1894, resumed Aug. 14, 1895.</subfield></datafield><datafield ind1=" " ind2=" " tag="515"><subfield code="a">Issue numbering is continuous.</subfield></datafield><datafield ind1=" " ind2=" " tag="530"><subfield code="a">Available on microfilm from the State Historical Society of North Dakota.</subfield></datafield><datafield ind1=" " ind2=" " tag="752"><subfield code="a">United States</subfield><subfield code="b">North Dakota</subfield><subfield code="c">Pembina</subfield><subfield code="d">Drayton.</subfield></datafield><datafield ind1=" " ind2=" " tag="752"><subfield code="a">United States</subfield><subfield code="b">North Dakota</subfield><subfield code="c">Pembina</subfield><subfield code="d">Cavalier.</subfield></datafield></record>